<record xmlns="http://www.loc.gov/MARC21/slim" xmlns:xsi="http://www.w3.org/2001/XMLSchema-instance" xsi:schemaLocation="http://www.loc.gov/MARC21/slim http://www.loc.gov/standards/marcxml/schema/MARC21slim.xsd"><leader>00364nz   2200121n  4500</leader><controlfield tag="001">oca04896822 </controlfield><controlfield tag="005">19990113051157.2</controlfield><controlfield tag="008">990111n| acannaab|          |n aaa     c</controlfield><datafield ind1=" " ind2=" " tag="010"><subfield code="a">nr 99001085 </subfield></datafield><datafield ind1=" " ind2=" " tag="040"><subfield code="a">UPB</subfield><subfield code="c">UPB</subfield></datafield><datafield ind1="0" ind2=" " tag="100"><subfield code="a">Patricius,</subfield><subfield code="c">Bishop,</subfield><subfield code="d">5th cent.</subfield></datafield><datafield ind1=" " ind2=" " tag="670"><subfield code="a">Centons homériques, 1998:</subfield><subfield code="b">t.p. (Patricius)</subfield></datafield><datafield ind1=" " ind2=" " tag="670"><subfield code="a">RLIN, 1/11/99</subfield><subfield code="b">(hdg.: Patricius, Bishop, 5th cent.)</subfield></datafield></record>